% bibliografia
@book{womak:effective-java,
    author = {J. Bloch},
    title = {Effective Java},
    publisher = {Pearson},
    year = {2009}
}
@INPROCEEDINGS{Geiger2012CVPR,
    author = {Andreas Geiger and Philip Lenz and Raquel Urtasun},
    title = {Are we ready for Autonomous Driving? The KITTI Vision Benchmark Suite},
    booktitle = {Conference on Computer Vision and Pattern Recognition (CVPR)},
    year = {2012}
}


@online{site:owasp,
    title = {Owasp},
    url = {https://owasp.org/www-project-mobile-top-10/},
}

@article{samonas2014cia,
    title={THE CIA STRIKES BACK: REDEFINING CONFIDENTIALITY, INTEGRITY AND AVAILABILITY IN SECURITY.},
    author={Samonas, Spyridon and Coss, David},
    journal={Journal of Information System Security},
    volume={10},
    number={3},
    year={2014}
}